@book{maclagan2015introduction,
  title={Introduction to tropical geometry},
  author={Maclagan, Diane and Sturmfels, Bernd},
  volume={161},
  year={2015},
  publisher={American Mathematical Soc.}
}
@article{zhang2018tropical,
  title={Tropical geometry of deep neural networks},
  author={Zhang, Liwen and Naitzat, Gregory and Lim, Lek-Heng},
  journal={arXiv preprint arXiv:1805.07091},
  year={2018}
}
@book{boyd2004convex,
  title={Convex optimization},
  author={Boyd, Stephen and Boyd, Stephen P and Vandenberghe, Lieven},
  year={2004},
  publisher={Cambridge university press}
}
@article{hartman1959functions,
  title={On functions representable as a difference of convex functions.},
  author={Hartman, Philip and others},
  journal={Pacific Journal of Mathematics},
  volume={9},
  number={3},
  pages={707--713},
  year={1959},
  publisher={Pacific Journal of Mathematics}
}

@article{gritzmann1993minkowski,
  title={Minkowski addition of polytopes: computational complexity and applications to Gr{\"o}bner bases},
  author={Gritzmann, Peter and Sturmfels, Bernd},
  journal={SIAM Journal on Discrete Mathematics},
  volume={6},
  number={2},
  pages={246--269},
  year={1993},
  publisher={SIAM}
}